@book{harper:pfpl,
  author    = {Robert Harper},
  title     = {Practical Foundations for Programming Languages (2nd. Ed.)},
  publisher = {Cambridge University Press},
  year      = {2016},
  url       = {https://www.cs.cmu.edu/\%7Erwh/pfpl/index.html},
  isbn      = {9781107150300},
  timestamp = {Fri, 22 May 2020 01:00:00 +0200},
  biburl    = {https://dblp.org/rec/books/cu/Ha2016.bib},
  bibsource = {dblp computer science bibliography, https://dblp.org}
}
@article{bahr:2015,
        author = "Patrick Bahr and Graham Hutton",
        title = "{Calculating Correct Compilers}",
        journal = "Journal of Functional Programming",
        publisher = "Cambridge University Press",
        volume = 25,
        month = sep,
        year = 2015}
@article{pickard:2021,
        author = "Mitchell Pickard and Graham Hutton",
        title = "{Calculating Dependently-Typed Compilers}",
        journal = "Proceedings of the ACM on Programming Languages",
        volume = 5,
        number = {ICFP},
        articleno = 82,
        month = aug,
        year = 2021}
